=LDR  01233ntm a22003131i 4500
=001  uab09273177
=003  UAB
=005  20140926143507.0
=006  m|||||o||d||||||||
=007  cr||||||||||||
=008  140926t19801980xx\e\\\\obm\\\000\0\eng\d
=040  \\$aUAB$beng$erda$cUAB
=050  \4$aRD561$b.J48 1980
=090  \\$aInternet Access$bAEU
=100  1\$aJette, Nancy M.,$eauthor.
=245  12$aA study of the extrinsic factors associated with knee injuries in the 1979 Edmonton High School Football League /$cby Nancy M. Jette.
=264  \1$c[1980]
=264  \4$c©1980
=300  \\$a1 online resource (xi, 58 pages) :$bforms
=336  \\$atext$btxt$2rdacontent
=337  \\$acomputer$bc$2rdamedia
=338  \\$aonline resource$bcr$2rdacarrier
=502  \\$bM. Sc.$cUniversity of Alberta$d1980.
=500  \\$a"A thesis submitted to the Faculty of Graduate Studies and Research in partial fulfilment of the requirements for the degree of Master of Science, Department of Physical Education."
=504  \\$aIncludes bibliographical references (pages 43-[45]).
=650  \0$aKnee$xWounds and injuries.
=650  \0$aFootball injuries.
=710  2\$aUniversity of Alberta.$bDepartment of Physical Education.
=900  \\$aMK48983
=949  \\$zUAIN$zETHESIS

