=LDR  01180ntm a22003251i 4500
=001  uab09273403
=003  UAB
=005  20140927134114.0
=006  m|||||o||d||||||||
=007  cr||||||||||||
=008  140927t19801980xx\\\\\\obm\\\000\0\eng\d
=040  \\$aUAB$beng$erda$cUAB
=050  \4$aKZ1269$b.K35 1980
=090  \\$aInternet Access$bAEU
=100  1\$aKaida, Lawrence,$eauthor.
=245  10$aSelf-determination and the United Nations /$cby Lawrence Kaida.
=264  \1$c[1980]
=264  \4$c©1980
=300  \\$a1 online resource (viii, 131 pages)
=336  \\$atext$btxt$2rdacontent
=337  \\$acomputer$bc$2rdamedia
=338  \\$aonline resource$bcr$2rdacarrier
=502  \\$bM.A.$cUniversity of Alberta$d1980.
=500  \\$a"A thesis submitted to the Faculty of Graduate Studies and Research in partial fulfilment of the requirements for the degree of Master of Arts, Department of Political Science."
=504  \\$aIncludes bibliographical references (pages 114-121).
=650  \0$aSelf-determination, National.
=650  \0$aNationalism.
=610  20$aUnited Nations.
=710  2\$aUniversity of Alberta.$bDepartment of Political Science.
=900  \\$aMK48989
=949  \\$zUAIN$zETHESIS

