=LDR  01249ntm a22003251i 4500
=001  uab09273407
=003  UAB
=005  20140927135156.0
=006  m|||||o||d||||||||
=007  cr||||||||||||
=008  140927t19801980xx\ad\\\obm\\\000\0\eng\d
=040  \\$aUAB$beng$erda$cUAB
=050  \4$aSF375.87$b.K46 1980
=090  \\$aInternet Access$bAEU
=100  1\$aKennedy, R. I.,$eauthor.
=245  10$aKinetics, distribution and excretion of triiodothyronine in sheep /$cby R.I. Kennedy.
=264  \1$c[1980]
=264  \4$c©1980
=300  \\$a1 online resource (xiv, 83 pages) :$billustrations
=336  \\$atext$btxt$2rdacontent
=337  \\$acomputer$bc$2rdamedia
=338  \\$aonline resource$bcr$2rdacarrier
=502  \\$bM. Sc.$cUniversity of Alberta$d1980.
=500  \\$a"A thesis submitted to the Faculty of Graduate Studies and Research in partial fulfilment of the requirements for the degree of Master of Science in Animal Physiology, Department of Animal Science."
=504  \\$aIncludes bibliographical references (pages 60-68).
=650  \0$aSheep$xBehavior$xEndocrine aspects.
=650  \0$aTriiodothyronine.
=650  \0$aThyroid hormones.
=710  2\$aUniversity of Alberta.$bDepartment of Animal Science.
=900  \\$aMK48996
=949  \\$zUAIN$zETHESIS

