=LDR  01139ntm a22003011i 4500
=001  uab09273409
=003  UAB
=005  20140927135854.0
=006  m|||||o||d||||||||
=007  cr||||||||||||
=008  140927t19801980xx\\\\\\obm\\\000\0deng\d
=040  \\$aUAB$beng$erda$cUAB
=050  \4$aPS3552.L9$bZ717 1980
=090  \\$aInternet Access$bAEU
=100  1\$aKizuk, Randall Alexander,$eauthor.
=245  10$aThreefold commitment in the poetry of Robert Bly /$cby Randall Alexander Kizuk.
=264  \1$c[1980]
=264  \4$c©1980
=300  \\$a1 online resource (xi, 131 pages)
=336  \\$atext$btxt$2rdacontent
=337  \\$acomputer$bc$2rdamedia
=338  \\$aonline resource$bcr$2rdacarrier
=502  \\$bM.A.$cUniversity of Alberta$d1980.
=500  \\$a"A thesis submitted to the Faculty of Graduate Studies and Research in partial fulfillment of the requirements for the degree of Master of Arts, Department of English."
=504  \\$aIncludes bibliographical references (pages 125-131).
=600  10$aBly, Robert$xCriticism and interpretation.
=710  2\$aUniversity of Alberta.$bDepartment of English.
=900  \\$aMK49000
=949  \\$zUAIN$zETHESIS

