=LDR  01123ntm a22003131i 4500
=001  uab09273410
=003  UAB
=005  20140927140117.0
=006  m|||||o||d||||||||
=007  cr||||||||||||
=008  140927t19801980xx\\\\\\obm\\\000\0\eng\d
=040  \\$aUAB$beng$erda$cUAB
=050  \4$aQC793.3.S6$bK63 1980
=090  \\$aInternet Access$bAEU
=100  1\$aKobes, Randal Lee,$d1956-$eauthor.
=245  10$aInteracting spin 3/2 theories /$cby Randal Lee Kobes.
=264  \1$c[1980]
=264  \4$c©1980
=300  \\$a1 online resource (x, 85 pages)
=336  \\$atext$btxt$2rdacontent
=337  \\$acomputer$bc$2rdamedia
=338  \\$aonline resource$bcr$2rdacarrier
=502  \\$bM. Sc.$cUniversity of Alberta$d1980.
=500  \\$a"A thesis submitted to the Faculty of Graduate Studies and Research in partial fulfillment of the requirements for the degree of Master of Science, Department of Physics."
=504  \\$aIncludes bibliographical references (pages 84-85).
=650  \0$aNuclear spin.
=650  \0$aLagrangian functions.
=710  2\$aUniversity of Alberta.$bDepartment of Physics.
=900  \\$aMK49002
=949  \\$zUAIN$zETHESIS

