=LDR  01285ntm a22003371i 4500
=001  uab09273411
=003  UAB
=005  20140927140415.0
=006  m|||||o||d||||||||
=007  cr||||||||||||
=008  140927t19801980xx\\\\\\obm\\\000\0dukr\d
=040  \\$aUAB$beng$erda$cUAB
=041  0\$aukr$beng
=050  \4$aPG3948.R8$bZ723 1980
=090  \\$aInternet Access$bAEU
=100  1\$aKowaluk, Markian,$eauthor.
=245  14$aThe poetry of Mykola Rudenko /$cby Markian Kowaluk.
=264  \1$c[1980]
=264  \4$c©1980
=300  \\$a1 online resource (x, 116 pages)
=336  \\$atext$btxt$2rdacontent
=337  \\$acomputer$bc$2rdamedia
=338  \\$aonline resource$bcr$2rdacarrier
=502  \\$bM.A.$cUniversity of Alberta$d1980.
=500  \\$a"A thesis submitted to the Faculty of Graduate Studies and Research in partial fulfilment of the requirements for the degree of Master of Arts in Ukrainian Literature, Department of Slavic Languages."
=504  \\$aIncludes bibliographical references (pages 112-116).
=546  \\$aIncludes abstracts in English and Ukranian.
=546  \\$aText in Ukranian.
=600  10$aRudenko, Mykola Danylovych,$d1920-$xCriticism and interpretation.
=710  2\$aUniversity of Alberta.$bDepartment of Slavic Languages.
=900  \\$aMK49003
=949  \\$zUAIN$zETHESIS

