=LDR  01353ntm a22003491i 4500
=001  uab09273414
=003  UAB
=005  20140927141052.0
=006  m|||||o||d||||||||
=007  cr||||||||||||
=008  140927t19801980xx\b\\\\obm\\\000\0\eng\d
=040  \\$aUAB$beng$erda$cUAB
=043  \\$ae-gx---
=050  \4$aHQ799.G3$bM33 1980
=090  \\$aInternet Access$bAEU
=100  1\$aMcCallum, Thomas Richard,$eauthor.
=245  14$aThe 12th SS Panzer Division "Hitlerjugend" :$ba history /$cby Thomas Richard McCallum.
=264  \1$c[1980]
=264  \4$c©1980
=300  \\$a1 online resource (viii, 149 pages) :$bmaps
=336  \\$atext$btxt$2rdacontent
=337  \\$acomputer$bc$2rdamedia
=338  \\$aonline resource$bcr$2rdacarrier
=502  \\$bM.A.$cUniversity of Alberta$d1980.
=500  \\$a"A thesis submitted to the Faculty of Graduate Studies and Research in partial fulfilment of the requirements for the degree of Master of Arts, Department of History."
=504  \\$aIncludes bibliographical references (pages 134-141).
=590  \\$aLibrary copy imperfect: incomplete 2nd copy of thesis attached to front of text.
=610  20$aWaffen-SS.$bSS-Panzerdivision "Hitlerjugend," 12.
=610  20$aHitler-Jugend.
=650  \0$aYouth$zGermany$xHistory.
=710  2\$aUniversity of Alberta.$bDepartment of History.
=900  \\$aMK49017
=949  \\$zUAIN$zETHESIS

