=LDR  01201ntm a22003131i 4500
=001  uab09273418
=003  UAB
=005  20140927142406.0
=006  m|||||o||d||||||||
=007  cr||||||||||||
=008  140927t19801980xx\ad\\\obm\\\000\0\eng\d
=040  \\$aUAB$beng$erda$cUAB
=050  \4$aQA803$b.M35 1980
=090  \\$aInternet Access$bAEU
=100  1\$aMcLeod, Keith D.,$eauthor.
=245  14$aThe dynamics of the motion of optically detectable particles in nerve axons /$cby Keith D. McLeod.
=264  \1$c[1980]
=264  \4$c©1980
=300  \\$a1 online resource (xi, 128 pages) :$billustrations
=336  \\$atext$btxt$2rdacontent
=337  \\$acomputer$bc$2rdamedia
=338  \\$aonline resource$bcr$2rdacarrier
=502  \\$bM. Sc.$cUniversity of Alberta$d1980.
=500  \\$a"A thesis submitted to the Faculty of Graduate Studies and Research in partial fulfilment of the requirements for the degree of Master of Science, Department of Electrical Engineering."
=504  \\$aIncludes bibliographical references (pages 123-128).
=650  \0$aDynamics of a particle.
=650  \0$aAxons.
=710  2\$aUniversity of Alberta.$bDepartment of Electrical Engineering.
=900  \\$aMK49027
=949  \\$zUAIN$zETHESIS

