=LDR  01299ntm a22003251i 4500
=001  uab09273421
=003  UAB
=005  20140927143421.0
=006  m|||||o||d||||||||
=007  cr||||||||||||
=008  140927t19801980xx\acf\\obm\\\000\0deng\d
=040  \\$aUAB$beng$erda$cUAB
=043  \\$an-cn---
=050  \4$aGV225.A1$bV366 1980
=090  \\$aInternet Access$bAEU
=100  1\$aMoore, Katharine E.,$eauthor.
=245  12$aA history of the professional contributions of Maurice Lewis Van Vliet from 1945 to 1978 /$cby Katharine E. Moore.
=264  \1$c[1980]
=264  \4$c©1980
=300  \\$a1 online resource (x, 125 pages) :$billustrations, portrait
=336  \\$atext$btxt$2rdacontent
=337  \\$acomputer$bc$2rdamedia
=338  \\$aonline resource$bcr$2rdacarrier
=502  \\$bM.A.$cUniversity of Alberta$d1980.
=500  \\$a"A thesis submitted to the Faculty of Graduate Studies and Research in partial fulfillment of the requirements for the degree of Master of Arts, Department of Physical Education."
=504  \\$aIncludes bibliographical references (pages 105-120).
=600  10$aVan Vliet, Maurice Lewis,$d1913-$vBiography.
=650  \0$aPhysical education and training$zCanada.
=710  2\$aUniversity of Alberta.$bDepartment of Physical Education.
=900  \\$aMK49044
=949  \\$zUAIN$zETHESIS

