=LDR  01228ntm a22003131i 4500
=001  uab09273424
=003  UAB
=005  20140927144319.0
=006  m|||||o||d||||||||
=007  cr||||||||||||
=008  140927t19801980xx\g\\\\obm\\\000\0deng\d
=040  \\$aUAB$beng$erda$cUAB
=050  \4$aML410.B157$bN55 1980
=090  \\$aInternet Access$bAEU
=100  1\$aNikolai, Monica Dagmar,$eauthor.
=245  10$aJ.C.F. Bach's clavier concertos /$cby Monica Dagmar Nikolai.
=264  \1$c[1980]
=264  \4$c©1980
=300  \\$a1 online resource (xiii, 483 pages) :$bmusic
=336  \\$atext$btxt$2rdacontent
=337  \\$acomputer$bc$2rdamedia
=338  \\$aonline resource$bcr$2rdacarrier
=502  \\$bM. Mus.$cUniversity of Alberta$d1980.
=500  \\$a"A thesis submitted to the Faculty of Graduate Studies and Research in partial fulfillment of the requirements for the degree of Master of Music in Music History and Literature, Department of Music."
=504  \\$aIncludes bibliographical references (pages 134-139).
=600  10$aBach, Johann Christoph Friedrich,$d1732-1795$xCriticism and interpretation.
=650  \0$aConcertos (Piano)
=710  2\$aUniversity of Alberta.$bDepartment of Music.
=900  \\$AMK49050
=949  \\$zUAIN$zETHESIS

