=LDR  01309ntm a22003131i 4500
=001  uab09274670
=003  UAB
=005  20141002061919.0
=006  m|||||o||d||||||||
=007  cr||||||||||||
=008  141002t19801980xx\ad\\\obm\\\000\0\eng\d
=040  \\$aUAB$beng$erda$cUAB
=050  \4$aQP552.L42$bP45 1980
=090  \\$aInternet Access$bAEU
=100  1\$aPhillips, J. Robert,$eauthor.
=245  12$aA quantitative analysis of lectin-mediated agglutination of cells from different regions of the gastrulating chick embryo :$beffect of lectins on adhesion and morphogenesis of cell aggregates /$cby J. Robert Phillips.
=264  \1$c[1980]
=264  \4$c©1980
=300  \\$a1 online resource (xi, 151 pages) :$billustrations
=336  \\$atext$btxt$2rdacontent
=337  \\$acomputer$bc$2rdamedia
=338  \\$aonline resource$bcr$2rdacarrier
=502  \\$bM. Sc.$cUniversity of Alberta$d1980.
=500  \\$a"A thesis submitted to the Faculty of Graduate Studies and Research in partial fulfilment of the requirements for the degree of Master of Science in Cell Biology, Department of Zoology."
=504  \\$aIncludes bibliographical references (pages 138-151).
=650  \0$aLectins.
=650  \0$aChickens$xEmbryos.
=710  2\$aUniversity of Alberta.$bDepartment of Zoology.
=900  \\$aMK49073
=949  \\$zUAIN$zETHESIS

