=LDR  01215ntm a22003131i 4500
=001  uab09273211
=003  UAB
=005  20140926155453.0
=006  m|||||o||d||||||||
=007  cr||||||||||||
=008  140926t19801980xx\ag\\\obm\\\000\0deng\d
=040  \\$aUAB$beng$erda$cUAB
=050  \4$aML410.B853$bS26 1980
=090  \\$aInternet Access$bAEU
=100  1\$aSanderson, Gillian Mary,$eauthor.
=245  14$aThe dramatic role of percussion in selected operas of Benjamin Britten /$cby Gillian Mary Sanderson.
=264  \1$c[1980]
=264  \4$c©1980
=300  \\$a1 online resource (xiii, 186 pages) :$billustrations, music;
=336  \\$atext$btxt$2rdacontent
=337  \\$acomputer$bc$2rdamedia
=338  \\$aonline resource$bcr$2rdacarrier
=500  \\$a"A thesis submitted to the Faculty of Graduate Studies and Research in partial fulfilment of the requirements for the degree of Master of Music in Musicology, Department of Music."
=502  \\$bM. Mus.$cUniversity of Alberta$d1980.
=504  \\$aIncludes bibliographical references (pages 179-186).
=600  10$aBritten, Benjamin,$d1913-1976.
=650  \0$aPercussion.
=710  2\$aUniversity of Alberta.$bDepartment of Music.
=900  \\$aMK49096
=949  \\$zUAIN$zETHESIS

