=LDR  01146ntm a22003011i 4500
=001  uab09273511
=003  UAB
=005  20140929093015.0
=006  m|||||o||d||||||||
=007  cr||||||||||||
=008  140929t19801980xx\ad\\\obm\\\000\0\eng\d
=040  \\$aUAB$beng$erda$cUAB
=050  \4$aHG1601$b.S57 1980
=090  \\$aInternet Access$bAEU
=100  1\$aSisk, Barton J.,$eauthor.
=245  14$aThe effect of bank size on the excess cash ratio under conditions of uncertainty /$cby Barton J. Sisk.
=264  \1$c[1980]
=264  \4$c©1980
=300  \\$a1 online resource (xi, 128 pages) :$billustrations
=336  \\$atext$btxt$2rdacontent
=337  \\$acomputer$bc$2rdamedia
=338  \\$aonline resource$bcr$2rdacarrier
=500  \\$a"A thesis submitted to the Faculty of Graduate Studies and Research in partial fulfilment of the requirements for the degree of Master of Arts, Department of Economics."
=502  \\$bM.A.$cUniversity of Alberta$d1980.
=504  \\$aIncludes bibliographical references (pages 127-128).
=650  \0$aBanks and banking.
=710  2\$aUniversity of Alberta.$bDepartment of Economics.
=900  \\$aMK49110
=949  \\$zUAIN$zETHESIS

