=LDR  01273ntm a22003371i 4500
=001  uab09273513
=003  UAB
=005  20140929093728.0
=006  m|||||o||d||||||||
=007  cr||||||||||||
=008  140929t19801980xx\ad\\\obm\\\000\0\eng\d
=040  \\$aUAB$beng$erda$cUAB
=050  \4$aQC715$b.S63 1980
=090  \\$aInternet Access$bAEU
=100  1\$aSodhi, Rana,$eauthor.
=245  12$aA comparison of the Auger electron and the core electron shifts in a series of phosphorus and sulphur compounds /$cby Rana Sodhi.
=264  \1$c[1980]
=264  \4$c©1980
=300  \\$a1 online resource (xix, 181 pages) :$billustration
=336  \\$atext$btxt$2rdacontent
=337  \\$acomputer$bc$2rdamedia
=338  \\$aonline resource$bcr$2rdacarrier
=500  \\$a"A thesis submitted to the Faculty of Graduate Studies and Research in partial fulfilment of the requirements for the degree of Master's in Chemistry, Department of Chemistry."
=502  \\$bM. Sc.$cUniversity of Alberta$d1980.
=504  \\$aIncludes bibliographical references (pages 161-166).
=650  \0$aPhotoelectrons.
=650  \0$aElectrons.
=650  \0$aPhosphorus compounds.
=650  \0$aSulfur compounds.
=710  2\$aUniversity of Alberta.$bDepartment of Chemistry.
=900  \\$aMK49113
=949  \\$zUAIN$zETHESIS

