=LDR  01151ntm a22003251i 4500
=001  uab09273523
=003  UAB
=005  20140929100707.0
=006  m|||||o||d||||||||
=007  cr||||||||||||
=008  140929t19801980xx\\\\\\obm\\\000\0\eng\d
=040  \\$aUAB$beng$erda$cUAB
=050  \4$aQL737.R666$bS74 1980
=090  \\$aInternet Access$bAEU
=100  1\$aStefan, Larry,$eauthor.
=245  10$a"Self-starvation" in rats and mice /$cby Larry Stefan.
=264  \1$c[1980]
=264  \4$c©1980
=300  \\$a1 online resource (viii, 40 pages)
=336  \\$atext$btxt$2rdacontent
=337  \\$acomputer$bc$2rdamedia
=338  \\$aonline resource$bcr$2rdacarrier
=500  \\$a"A thesis submitted to the Faculty of Graduate Studies and Research in partial fulfilment of the requirements for the degree of Master of Science in Psychology, Department of Psychology."
=502  \\$bM. Sc.$cUniversity of Alberta$d1980.
=504  \\$aIncludes bibliographical references (pages 30-32).
=650  \0$aRats$xFood.
=650  \0$aMice$xFood.
=650  \0$aStarvation.
=710  2\$aUniversity of Alberta.$bDepartment of Psychology.
=900  \\$aMK49115
=949  \\$zUAIN$zETHESIS

