=LDR  01318ntm a22003251i 4500
=001  uab09273586
=003  UAB
=005  20140929121547.0
=006  m|||||o||d||||||||
=007  cr||||||||||||
=008  140929t19801980xx\ad\\\obm\\\000\0\eng\d
=040  \\$aUAB$beng$erda$cUAB
=050  \4$aQL638.S2$bW55 1980
=090  \\$aInternet Access$bAEU
=100  1\$aWilliams, June Rita,$eauthor.
=245  10$aChanges in hydromineral balance, stress and gill histology of rainbow trout (Salmo gairdneri) chronically exposed to copper /$cby June Rita Williams.
=264  \1$c[1980]
=264  \4$c©1980
=300  \\$a1 online resource (xiv, 144 pages) :$billustrations
=336  \\$atext$btxt$2rdacontent
=337  \\$acomputer$bc$2rdamedia
=338  \\$aonline resource$bcr$2rdacarrier
=500  \\$a"A thesis submitted to the Faculty of Graduate Studies and Research in partial fulfilment of the requirements for the degree of Master of Science, Department of Zoology."
=502  \\$bM. Sc.$cUniversity of Alberta$d1980.
=504  \\$aIncludes bibliographical references (pages 96-103).
=590  \\$aLibrary copy imperfect: p. vii-viii placed at very beginning.
=650  \0$aRainbow trout$xEffect of metals on.
=650  \0$aCopper.
=710  2\$aUniversity of Alberta.$bDepartment of Zoology.
=900  \\$aMK49132
=949  \\$zUAIN$zETHESIS

