=LDR  01281ntm a22003251i 4500
=001  uab09273614
=003  UAB
=005  20140929133757.0
=006  m|||||o||d||||||||
=007  cr||||||||||||
=008  140929t19801980xx\abd\\obm\\\000\0\eng\d
=040  \\$aUAB$beng$erda$cUAB
=043  \\$an-cn-on
=050  \4$aSB485.W56$bD44 1980
=090  \\$aInternet Access$bAEU
=100  1\$aDeGroat, Meredith McLean,$eauthor.
=245  13$aAn investigation of the adequacy of the quantity and distribution of urban parkland in the city of Windsor /$cby Meredith McLean DeGroat.
=264  \1$c[1980]
=264  \4$c©1980
=300  \\$a1 online resource (vii, 86 pages) :$billustration, maps
=336  \\$atext$btxt$2rdacontent
=337  \\$acomputer$bc$2rdamedia
=338  \\$aonline resource$bcr$2rdacarrier
=500  \\$a"A thesis submitted to the Faculty of Graduate Studies through the Department of Geography in partial fulfilment of the requirements for the degree of Master of Arts at the University of Windsor."
=502  \\$bM.A.$cUniversity of Windsor$d1980.
=504  \\$aIncludes bibliographical references (pages 79-86).
=650  \0$aParks$zOntario.
=650  \0$aUrban parks$zOntario.
=710  2\$aUniversity of Windsor.$bDepartment of Geography.
=900  \\$aMK49203
=949  \\$zUAIN$zETHESIS

