=LDR  01312ntm a22003491i 4500
=001  uab09273641
=003  UAB
=005  20140929144839.0
=006  m|||||o||d||||||||
=007  cr||||||||||||
=008  140929t19811981xx\\\\\\obm\\\000\0\eng\d
=040  \\$aUAB$beng$erda$cUAB
=050  \4$aGV881.4.B37$bB43 1981
=090  \\$aInternet Access$bAEU
=100  1\$aBecker, Yvonne Marie,$eauthor.
=245  14$aThe relationship of eye and hand dominance and the skill of batting /$cby Yvonne Marie Becker.
=264  \1$c[1981]
=264  \4$c©1981
=300  \\$a1 online resource (vii, 32 pages)
=336  \\$atext$btxt$2rdacontent
=337  \\$acomputer$bc$2rdamedia
=338  \\$aonline resource$bcr$2rdacarrier
=500  \\$a"A thesis submitted to the Faculty of Graduate Studies and Research in partial fulfilment of the requirements for the degree of Master of Arts, Department of Physical Education."
=502  \\$bM.A.$cUniversity of Alberta$d1981.
=504  \\$aIncludes bibliographical references (pages 24-26).
=590  \\$aLibrary copy imperfect: p. vi at very beginning; p. 27-28 after p. 30.
=650  \0$aBatting (Softball)
=650  \0$aCerebral dominance.
=650  \0$aEye.
=650  \0$aHand.
=710  2\$aUniversity of Alberta.$bDepartment of Physical Education.
=900  \\$aMK51435
=949  \\$zUAIN$zETHESIS

