=LDR  01245ntm a22003251i 4500
=001  uab09273702
=003  UAB
=005  20140929170039.0
=006  m|||||o||d||||||||
=007  cr||||||||||||
=008  140929t19811981xx\ad\\\obm\\\000\0\eng\d
=040  \\$aUAB$beng$erda$cUAB
=043  \\$an-us---
=050  \4$aHG6024.U6$bC35 1981
=090  \\$aInternet Access$bAEU
=100  1\$aCaldwell, John P.,$eauthor.
=245  10$aHedging on the United States futures market by a Canadian producer /$cby John P. Caldwell.
=264  \1$c[1981]
=264  \4$c©1981
=300  \\$a1 online resource (ix, 116 pages) :$billustrations
=336  \\$atext$btxt$2rdacontent
=337  \\$acomputer$bc$2rdamedia
=338  \\$aonline resource$bcr$2rdacarrier
=500  \\$a"A thesis submitted to the Faculty of Graduate Studies and Research in partial fulfilment of the requirements for the degree of Master of Science in Agricultural Economics, Department of Rural Economy."
=502  \\$bM. Sc.$cUniversity of Alberta$d1981.
=504  \\$aIncludes bibliographical references (pages 87-94).
=650  \0$aFutures market$zUnited States.
=650  \0$aHedging (Finance)
=710  2\$aUniversity of Alberta.$bDepartment of Rural Economy.
=900  \\$aMK51446
=949  \\$zUAIN$zETHESIS

