=LDR  01417ntm a22003611i 4500
=001  uab09273721
=003  UAB
=005  20140929172841.0
=006  m|||||o||d||||||||
=007  cr||||||||||||
=008  140929t19811981xx\abd\\obm\\\000\0\eng\d
=040  \\$aUAB$beng$erda$cUAB
=043  \\$an-cn-ab$an-cn-sn
=050  \4$aQE696$b.C38 1981
=090  \\$aInternet Access$bAEU
=100  1\$aCatto, Norman Rhoderick,$d1956-$eauthor.
=245  14$aThe Quaternary geology of the Western Cypress Hills region, Alberta and Saskatchewan /$cby Norman Rhoderick Catto.
=264  \1$c[1981]
=264  \4$c©1981
=300  \\$a1 online resource (xiv, 385 pages) :$billustrations, maps
=336  \\$atext$btxt$2rdacontent
=337  \\$acomputer$bc$2rdamedia
=338  \\$aonline resource$bcr$2rdacarrier
=500  \\$a"A thesis submitted to the Faculty of Graduate Studies and Research in partial fulfilment of the requirements for the degree of Master of Science in Department of Geology."
=502  \\$bM. Sc.$cUniversity of Alberta$d1981.
=504  \\$aIncludes bibliographical references (pages 272-285).
=590  \\$aLibrary copy imperfect: bleeding throughout.
=500  \\$aFolded map inserted in back cover.
=650  \0$aGeology, Stratigraphic$yQuaternary.
=650  \0$aGeology$zAlberta.
=650  \0$aGeology$zSaskatchewan.
=710  2\$aUniversity of Alberta.$bDepartment of Geology.
=900  \\$aMK51447
=949  \\$zUAIN$zETHESIS

