=LDR  01195ntm a22003131i 4500
=001  uab09273356
=003  UAB
=005  20140926232719.0
=006  m|||||o||d||||||||
=007  cr||||||||||||
=008  140926t19811981xx\a\\\\obm\\\000\0\eng\d
=040  \\$aUAB$beng$erda$cUAB
=050  \4$aPE1143$b.D69 1981
=090  \\$aInternet Access$bAEU
=100  1\$aDow, Maureen Louise,$d1957-$eauthor.
=245  10$aOn the role of orthography in experimental phonology /$cby Maureen Louise Dow.
=264  \1$c[1981]
=264  \4$c©1981
=300  \\$a1 online resource (ix, 97 pages) :$billustrations
=336  \\$atext$btxt$2rdacontent
=337  \\$acomputer$bc$2rdamedia
=338  \\$aonline resource$bcr$2rdacarrier
=500  \\$a"A thesis submitted to the Faculty of Graduate Studies and Research in partial fulfilment of the requirements for the degree of Master of Science, Linguistics."
=502  \\$bM. Sc.$cUniversity of Alberta$d1981.
=504  \\$aIncludes bibliographical references (pages 88-90).
=650  \0$aEnglish language$xOrthography and spelling.
=650  \0$aEnglish language$xPhonology.
=710  2\$aUniversity of Alberta.$bDepartment of Linguistics.
=900  \\$aMK51465
=949  \\$zUAIN$zETHESIS

