=LDR  01288ntm a22003251i 4500
=001  uab09273358
=003  UAB
=005  20140926235405.0
=006  m|||||o||d||||||||
=007  cr||||||||||||
=008  140926t19811981xx\adf\\obm\\\000\0\eng\d
=040  \\$aUAB$beng$erda$cUAB
=050  \4$aQC168$b.E94 1981
=090  \\$aInternet Access$bAEU
=100  1\$aEzeudembah, Agodichukwu S. C.$q(Agodichukwu Sunday Chukwuemeka),$d1945-$eauthor.
=245  10$aSteady state radial gas flow through porous media /$cby Agodichukwu S.C. Ezeudembah.
=264  \1$c[1981]
=264  \4$c©1981
=300  \\$a1 online resource (xix, 245 pages) :$billustrations
=336  \\$atext$btxt$2rdacontent
=337  \\$acomputer$bc$2rdamedia
=338  \\$aonline resource$bcr$2rdacarrier
=500  \\$a"A thesis submitted to the Faculty of Graduate Studies and Research in partial fulfilment of the requirements for the degree of Master of Science in Petroleum Engineering, Department of Mineral Engineering."
=502  \\$bM. Sc.$cUniversity of Alberta$d1981.
=504  \\$aIncludes bibliographical references (pages 133-142).
=650  \0$aGas flow.
=650  \0$aGas dynamics.
=650  \0$aPorous materials.
=710  2\$aUniversity of Alberta.$bDepartment of Mineral Engineering.
=900  \\$aMK51473
=949  \\$zUAIN$zETHESIS

