=LDR  01253ntm a22003251i 4500
=001  uab09273359
=003  UAB
=005  20140927000336.0
=006  m|||||o||d||||||||
=007  cr||||||||||||
=008  140927t19811981xx\adf\\obm\\\000\0\eng\d
=040  \\$aUAB$beng$erda$cUAB
=050  \4$aQR185.8.L9$bF36 1981
=090  \\$aInternet Access$bAEU
=100  1\$aFanning, Barbara,$d1954-$eauthor.
=245  10$aIn vitro sensitization of human lymphocytes to sheep erythrocytes /$cby Barbara Fanning.
=264  \1$c[1981]
=264  \4$c©1981
=300  \\$a1 online resource (xiv, [150] pages) :$billustrations
=336  \\$atext$btxt$2rdacontent
=337  \\$acomputer$bc$2rdamedia
=338  \\$aonline resource$bcr$2rdacarrier
=500  \\$a"A thesis submitted to the Faculty of Graduate Studies and Research in partial fulfilment of the requirements for the degree of Master of Science in Experimental Medicine, Department of Medicine."
=502  \\$bM. Sc.$cUniversity of Alberta$d1981.
=504  \\$aIncludes bibliographical references (pages 109-124).
=650  \0$aLymphocytes$xResearch.
=650  \0$aErythrocytes$xResearch.
=650  \0$aT cells$xResearch.
=710  2\$aUniversity of Alberta.$bDepartment of Medicine.
=900  \\$aMK51475
=949  \\$zUAIN$zETHESIS

