=LDR  01224ntm a22003371i 4500
=001  uab09273364
=003  UAB
=005  20140927012213.0
=006  m|||||o||d||||||||
=007  cr||||||||||||
=008  140927t19811981xx\\\\\\obm\\\000\0\eng\d
=040  \\$aUAB$beng$erda$cUAB
=043  \\$an-cn---
=050  \4$aHV6806$b.H39 1981
=090  \\$aInternet Access$bAEU
=100  1\$aHawryluk, Barry O.,$d1950-$eauthor.
=245  10$aUniform crime reporting in Canada /$cby Barry O. Hawryluk.
=264  \1$c[1981]
=264  \4$c©1981
=300  \\$a1 online resource (xi, 220 pages)
=336  \\$atext$btxt$2rdacontent
=337  \\$acomputer$bc$2rdamedia
=338  \\$aonline resource$bcr$2rdacarrier
=500  \\$a"A thesis submitted to the Faculty of Graduate Studies and Research in partial fulfilment of the requirements for the degree of Master of Arts, Department of Sociology."
=502  \\$bM.A.$cUniversity of Alberta$d1981.
=504  \\$aIncludes bibliographical references (pages 174-179).
=650  \0$aCriminal statistics$xCanada.
=650  \0$aCriminal statistics$xData processing.
=650  \0$aCrime$zCanada$xResearch.
=710  2\$aUniversity of Alberta.$bDepartment of Sociology.
=900  \\$aMK51492
=949  \\$zUAIN$zETHESIS

