=LDR  01339ntm a22003491i 4500
=001  uab09273565
=003  UAB
=005  20140929113952.0
=006  m|||||o||d||||||||
=007  cr||||||||||||
=008  140929t19811981xx\abd\\obm\\\000\0\eng\d
=040  \\$aUAB$beng$erda$cUAB
=050  \4$aTE27.A3$bH83 1981
=090  \\$aInternet Access$bAEU
=100  1\$aHuberman, Mark,$d1953-$eauthor.
=245  10$aEntrance and exit ramp terminal design /$cby Mark Huberman.
=264  \1$c[1981]
=264  \4$c©1981
=300  \\$a1 online resource (xiii, 262 pages) :$billustrations, map
=336  \\$atext$btxt$2rdacontent
=337  \\$acomputer$bc$2rdamedia
=338  \\$aonline resource$bcr$2rdacarrier
=500  \\$a"A thesis submitted to the Faculty of Graduate Studies and Research in partial fulfilment of the requirements for the degree of Master of Science in Civil Engineering, Department of Civil Engineering."
=502  \\$bM. Sc.$cUniversity of Alberta$d1981.
=504  \\$aIncludes bibliographical references (pages 136-139).
=650  \0$aHighway engineering.
=650  \0$aTraffic flow.
=650  \0$aRoads$xDesign and construction.
=650  \0$aMotor vehicles$xSpeed$xMathematical models.
=650  \0$aAcceleration (Mechanics)
=710  2\$aUniversity of Alberta.$bDepartment of Civil Engineering.
=900  \\$aMK51501
=949  \\$zUAIN$zETHESIS

