=LDR  01139ntm a22003011i 4500
=001  uab09273594
=003  UAB
=005  20140929130014.0
=006  m|||||o||d||||||||
=007  cr||||||||||||
=008  140929t19811981xx\\\\\\obm\\\000\0\eng\d
=040  \\$aUAB$beng$erda$cUAB
=050  \4$aPR4711$b.J33 1981
=090  \\$aInternet Access$bAEU
=100  1\$aJacques, Jane Marguerite Dempsey,$d1955-$eauthor.
=245  10$aWise and foolish women in the novels of Elizabeth Gaskell /$cby Jane Marguerite Dempsey Jacques.
=264  \1$c[1981]
=264  \4$c©1981
=300  \\$a1 online resource (x, 101 pages)
=336  \\$atext$btxt$2rdacontent
=337  \\$acomputer$bc$2rdamedia
=338  \\$aonline resource$bcr$2rdacarrier
=500  \\$a"A thesis submitted to the Faculty of Graduate Studies and Research in partial fulfilment of the requirements for the degree of Master of Arts, Department of English."
=502  \\$bM.A.$cUniversity of Alberta$d1981.
=504  \\$aIncludes bibliographical references (page 101).
=650  \0$aWomen in literature.
=710  2\$aUniversity of Alberta.$bDepartment of English.
=900  \\$aMK51506
=949  \\$zUAIN$zETHESIS

