=LDR  01314ntm a22003491i 4500
=001  uab09273616
=003  UAB
=005  20140929133956.0
=006  m|||||o||d||||||||
=007  cr||||||||||||
=008  140929t19811981xx\ad\\\obm\\\000\0\eng\d
=040  \\$aUAB$beng$erda$cUAB
=050  \4$aTA654.3$b.L35 1981
=090  \\$aInternet Access$bAEU
=100  1\$aLai, Shu-Ming Albert,$d1956-$eauthor.
=245  10$aMonte Carlo study of pattern loadings on continuous beams and slabs /$cby Shu-Ming Albert Lai.
=264  \1$c[1981]
=264  \4$c©1981
=300  \\$a1 online resource (xii, 86 pages) :$billustrations
=336  \\$atext$btxt$2rdacontent
=337  \\$acomputer$bc$2rdamedia
=338  \\$aonline resource$bcr$2rdacarrier
=500  \\$a"A thesis submitted to the Faculty of Graduate Studies and Research in partial fulfilment of the requirements for the degree of Master of Science, Department of Civil Engineering."
=502  \\$bM. Sc.$cUniversity of Alberta$d1981.
=504  \\$aIncludes bibliographical references (pages 71-73).
=650  \0$aLive loads$xResearch.
=650  \0$aLoad factor design.
=650  \0$aConcrete slabs.
=650  \0$aGirders, Continuous.
=650  \0$aMonte Carlo method.
=710  2\$aUniversity of Alberta.$bDepartment of Civil Engineering.
=900  \\$aMK51524
=949  \\$zUAIN$zETHESIS

