=LDR  01396ntm a22003371i 4500
=001  uab09274607
=003  UAB
=005  20141001202557.0
=006  m|||||o||d||||||||
=007  cr||||||||||||
=008  141001t19811981xx\ad\\\obm\\\000\0\eng\d
=040  \\$aUAB$beng$erda$cUAB
=050  \4$aQR67$b.L38 1981
=090  \\$aInternet Access$bAEU
=100  1\$aLau, Francis Yin Yee,$d1955-$eauthor.
=245  10$aAspects of computerized information systems in clinical microbiology /$cby Francis Yin Yee Lau.
=264  \1$c[1981]
=264  \4$c©1981
=300  \\$a1 online resource (xvi, 272 pages) :$billustrations
=336  \\$atext$btxt$2rdacontent
=337  \\$acomputer$bc$2rdamedia
=338  \\$aonline resource$bcr$2rdacarrier
=500  \\$a"A thesis submitted to the Faculty of Graduate Studies and Research in partial fulfilment of the requirements for the degree of Master of Science in Medical Bacteriology, Department of Medical Bacteriology."
=502  \\$bM. Sc.$cUniversity of Alberta$d1981.
=504  \\$aIncludes bibliographical references (pages 268-272).
=650  \0$aDiagnostic microbiology.
=650  \0$aMedical laboratories$xData processing.
=650  \0$aMedicine$xInformation services$xData processing.
=650  \0$aInformation storage and retrieval systems$xMedicine.
=710  2\$aUniversity of Alberta.$bDepartment of Medical Bacteriology.
=900  \\$aMK51527
=949  \\$zUAIN$zETHESIS

