=LDR  01288ntm a22003131i 4500
=001  uab09273491
=003  UAB
=005  20140927211505.0
=006  m|||||o||d||||||||
=007  cr||||||||||||
=008  140927t19811981xx\ad\\\obm\\\000\0\eng\d
=040  \\$aUAB$beng$erda$cUAB
=050  \4$aQR189.5.T72$bM35 1981
=090  \\$aInternet Access$bAEU
=100  1\$aMallet-Paret, Stephen Douglas,$eauthor.
=245  14$aThe influence of intradermal BCG on the biodistribution of radiogallium in mice /$cby Stephen Douglas Mallet-Paret.
=264  \1$c[1981]
=264  \4$c©1981
=300  \\$a1 online resource (xii, 122 pages) :$billustrations,
=336  \\$atext$btxt$2rdacontent
=337  \\$acomputer$bc$2rdamedia
=338  \\$aonline resource$bcr$2rdacarrier
=500  \\$a"A thesis submitted to the Faculty of Graduate Studies and Research in partial fulfilment of the requirements for the degree of Master of Science in Radiopharmacy, Faculty of Pharmacy and Pharmaceutical Sciences."
=502  \\$bM. Sc.$cUniversity of Alberta$d1981.
=504  \\$aIncludes bibliographical references (pages 101-121).
=650  \0$aBCG vaccines.
=650  \0$aMice as laboratory animals.
=710  2\$aUniversity of Alberta.$bFaculty of Pharmacy and Pharmaceutical Sciences.
=900  \\$aMK51544
=949  \\$zUAIN$zETHESIS

