=LDR  01276ntm a22003131i 4500
=001  uab09274153
=003  UAB
=005  20140930181954.0
=006  m|||||o||d||||||||
=007  cr||||||||||||
=008  140930t19811981xx\ad\\\obm\\\000\0\eng\d
=040  \\$aUAB$beng$erda$cUAB
=050  \4$aQR396$b.M64 1981
=090  \\$aInternet Access$bAEU
=100  1\$aMofford, Linda M.,$eauthor.
=245  10$aIsolation and partial characterization of a temperature-sensitive mutant of human adenovirus type 4 /$cby Linda M. Mofford.
=264  \1$c[1981]
=264  \4$c©1981
=300  \\$a1 online resource (xvi, 127 pages) :$billustrations
=336  \\$atext$btxt$2rdacontent
=337  \\$acomputer$bc$2rdamedia
=338  \\$aonline resource$bcr$2rdacarrier
=500  \\$a"A thesis submitted to the Faculty of Graduate Studies and Research in partial fulfilment of the requirements for the degree of Master of Science in Virology, Medical Bacteriology."
=502  \\$bM. Sc.$cUniversity of Alberta$d1981.
=504  \\$aIncludes bibliographical references (pages 117-127).
=650  \0$aAdenoviruses$xVariation.
=710  2\$aUniversity of Alberta.$bDepartment of Medical Bacteriology.
=900  \\$aMK51549
=949  \\$zUAIN$zETHESIS
=987  \\$ause$b710$cb$dIs there a Department of Medical Bacteriology?

