=LDR  01251ntm a22003251i 4500
=001  uab09274168
=003  UAB
=005  20140930184622.0
=006  m|||||o||d||||||||
=007  cr||||||||||||
=008  140930t19811981xx\a\\\\obm\\\000\0\eng\d
=040  \\$aUAB$beng$erda$cUAB
=043  \\$an-cn-ab
=050  \4$aLB2820$b.N53 1981
=090  \\$aInternet Access$bAEU
=100  1\$aNnabuo, Peter M.,$eauthor.
=245  10$aCommunity school in community development :$ba case study /$cby Peter M. Nnabuo.
=264  \1$c[1981]
=264  \4$c©1981
=300  \\$a1 online resource (x, 147 pages) :$billustrations
=336  \\$atext$btxt$2rdacontent
=337  \\$acomputer$bc$2rdamedia
=338  \\$aonline resource$bcr$2rdacarrier
=500  \\$a"A thesis submitted to the Faculty of Graduate Studies and Research in partial fulfilment of the requirements for the degree of Master of Arts in Community Development, Division of Community Development."
=502  \\$bM.A.$cUniversity of Alberta$d1981.
=504  \\$aIncludes bibliographical references (pages 118-128).
=650  \0$aCommunity schools$zAlberta$zEdmonton.
=650  \0$aCommunity development.
=710  2\$aUniversity of Alberta.$bDivision of Community Development.
=900  \\$aMK51557
=949  \\$zUAIN$zETHESIS

