=LDR  01260ntm a22003131i 4500
=001  uab09274175
=003  UAB
=005  20140930192626.0
=006  m|||||o||d||||||||
=007  cr||||||||||||
=008  140930t19811981xx\ad\\\obm\\\000\0\eng\d
=040  \\$aUAB$beng$erda$cUAB
=050  \4$aTK5103.592.F52$bO47 1981
=090  \\$aInternet Access$bAEU
=100  1\$aOlson, Maynard Roy,$eauthor.
=245  13$aAn optical fiber transmission system for a low-frequency radio telescope array /$cby Maynard Roy Olson.
=264  \1$c[1981]
=264  \4$c©1981
=300  \\$a1 online resource (xxvi, 326 pages) :$billustrations
=336  \\$atext$btxt$2rdacontent
=337  \\$acomputer$bc$2rdamedia
=338  \\$aonline resource$bcr$2rdacarrier
=500  \\$a"A thesis submitted to the Faculty of Graduate Studies and Research in partial fulfilment of the requirements for the degree of Master of Science in Electrical Engineering, Department of Electrical Engineering."
=502  \\$bM. Sc.$cUniversity of Alberta$d1981.
=504  \\$aIncludes bibliographical references (pages 255-265).
=650  \0$aOptical fiber communication.
=650  \0$aRadio telescopes.
=710  2\$aUniversity of Alberta.$bDepartment of Electrical Engineering.
=900  \\$aMK51560
=949  \\$zUAIN$zETHESIS

