=LDR  01290ntm a22003131i 4500
=001  uab09274187
=003  UAB
=005  20140930200446.0
=006  m|||||o||d||||||||
=007  cr||||||||||||
=008  140930t19811981xx\\\\\\obm\\\000\0\eng\d
=040  \\$aUAB$beng$erda$cUAB
=050  \4$aQR82.B95$bT66 1981
=090  \\$aInternet Access$bAEU
=100  1\$aTomalty, Lewis L.,$eauthor.
=245  10$aSerum and local immune responses, bacteriology, and transmissibility of experimental respiratory tract Bordetella pertussis infection in mice /$cby Lewis L. Tomalty.
=264  \1$c[1981]
=264  \4$c©1981
=300  \\$a1 online resource (xi, 85 pages)
=336  \\$atext$btxt$2rdacontent
=337  \\$acomputer$bc$2rdamedia
=338  \\$aonline resource$bcr$2rdacarrier
=500  \\$a"A thesis submitted to the Faculty of Graduate Studies and Research in partial fulfilment of the requirements for the degree of Master of Science in Medical Bacteriology, Department of Medical Bacteriology."
=502  \\$bM. Sc.$cUniversity of Alberta$d1981.
=504  \\$aIncludes bibliographical references (pages 68-80).
=650  \0$aBordetella pertussis.
=650  \0$aMice as laboratory animals.
=710  2\$aUniversity of Alberta.$bDepartment of Medical Bacteriology.
=900  \\$aMK51597
=949  \\$zUAIN$zETHESIS

