=LDR  01231ntm a22003251i 4500
=001  uab09274189
=003  UAB
=005  20140930200731.0
=006  m|||||o||d||||||||
=007  cr||||||||||||
=008  140930t19811981xx\\\\\\obm\\\000\0\eng\d
=040  \\$aUAB$beng$erda$cUAB
=043  \\$ae-gx---
=050  \4$aHX806$b.T83 1981
=090  \\$aInternet Access$bAEU
=100  1\$aTucker, Margaret,$eauthor.
=245  10$aUtopian thought :$bthe historical and cultural significance of select German technological utopias, 1890-1945 /$cby Margaret Tucker.
=264  \1$c[1981]
=264  \4$c©1981
=300  \\$a1 online resource (ix, 182 pages)
=336  \\$atext$btxt$2rdacontent
=337  \\$acomputer$bc$2rdamedia
=338  \\$aonline resource$bcr$2rdacarrier
=500  \\$a"A thesis submitted to the Faculty of Graduate Studies and Research in partial fulfilment of the requirements for the degree of Master of Arts, Department of History."
=502  \\$bM.A.$cUniversity of Alberta$d1981.
=504  \\$aIncludes bibliographical references (pages 163-180).
=650  \0$aUtopias$zGermany.
=650  \0$aTechnology$xSocial aspects$zGermany.
=710  2\$aUniversity of Alberta.$bDepartment of History.
=900  \\$aMK51600
=949  \\$zUAIN$zETHESIS

