=LDR  01256ntm a22003251i 4500
=001  uab09274202
=003  UAB
=005  20140930204012.0
=006  m|||||o||d||||||||
=007  cr||||||||||||
=008  140930t19811981xx\\\\\\obm\\\000\0\eng\d
=040  \\$aUAB$beng$erda$cUAB
=050  \4$aRT86$b.Y36 1981
=090  \\$aInternet Access$bAEU
=100  1\$aYamashita, Robert H.,$eauthor.
=245  10$aNursing technology and stress /$cby Robert H. Yamashita.
=264  \1$c[1981]
=264  \4$c©1981
=300  \\$a1 online resource (xi, 105 pages)
=336  \\$atext$btxt$2rdacontent
=337  \\$acomputer$bc$2rdamedia
=338  \\$aonline resource$bcr$2rdacarrier
=500  \\$a"A thesis submitted to the Faculty of Graduate Studies and Research in partial fulfilment of the requirements for the degree of Master of in Business Administration, Faculty of Business Administration and Commerce."
=502  \\$bMBA$cUniversity of Alberta$d1981.
=504  \\$aIncludes bibliographical references (pages [84]-87).
=650  \0$aNurses$xJob stress.
=650  \0$aNursing$xPsychological aspects.
=650  \0$aNursing$xTechnological innovations.
=710  2\$aUniversity of Alberta.$bFaculty of Business Administration and Commerce.
=900  \\$aMK51612
=949  \\$zUAIN$zETHESIS

