=LDR  01343ntm a22003251i 4500
=001  uab09275125
=003  UAB
=005  20141003074959.0
=006  m|||||o||d||||||||
=007  cr||||||||||||
=008  141003t19811981xx\ad\\\obm\\\000\0\eng\d
=040  \\$aUAB$beng$erda$cUAB
=050  \4$aQC688$b.A9 1981
=090  \\$aInternet Access$bAEU
=100  1\$aAu, Siu-Ki Stephen,$eauthor.
=245  13$aAn investigation of the propagation of a focused laser beam in a magnetically confined plasma using ray tracing techniques /$cby Siu-Ki Stephen Au.
=264  \1$c[1981]
=264  \4$c©1981
=300  \\$a1 online resource (x, 182 pages) :$billustrations
=336  \\$atext$btxt$2rdacontent
=337  \\$acomputer$bc$2rdamedia
=338  \\$aonline resource$bcr$2rdacarrier
=500  \\$a"A thesis submitted to the Faculty of Graduate Studies and Research in partial fulfilment of the requirements for the degree of Master of Science in Plasma Studies, Department of Electrical Engineering."
=502  \\$bM. Sc.$cUniversity of Alberta$d1981.
=504  \\$aIncludes bibliographical references (pages 104-105).
=650  \0$aLasers$xMathematical models.
=650  \0$aMagnetic traps$xMathematical models.
=650  \0$aRay tracing algorithms.
=710  2\$aUniversity of Alberta.$bDepartment of Electrical Engineering.
=900  \\$aMK53847
=949  \\$zUAIN$zETHESIS

