=LDR  01229ntm a22003011i 4500
=001  uab09275128
=003  UAB
=005  20141003075927.0
=006  m|||||o||d||||||||
=007  cr||||||||||||
=008  141003t19811981xx\\\\\\obm\\\000\0dspa\d
=040  \\$aUAB$beng$erda$cUAB
=050  \4$aPQ7298.1.G85$bD47 1981
=090  \\$aInternet Access$bAEU
=100  1\$aBailey, Aline,$eauthor.
=245  10$aDe perfil de José Agustín :$bDeterminacion de al estructura funcional y algunas características de la narración /$cby Aline Bailey.
=264  \1$c[1981]
=264  \4$c©1981
=300  \\$a1 online resource (ix, 116 pages)
=336  \\$atext$btxt$2rdacontent
=337  \\$acomputer$bc$2rdamedia
=338  \\$aonline resource$bcr$2rdacarrier
=500  \\$a"A thesis submitted to the Faculty of Graduate Studies and Research in partial fulfilment of the requirements for the degree of Master of Arts, Department of Romantic Languages."
=502  \\$bM.A.$cUniversity of Alberta$d1981.
=504  \\$aIncludes bibliographical references (pages 115-116).
=600  10$aAgustín, José.$tDe perfil$xCriticism and interpretation.
=710  2\$aUniversity of Alberta.$bDepartment of Romantic Languages.
=900  \\$aMK53848
=949  \\$zUAIN$zETHESIS

