=LDR  01161ntm a22003131i 4500
=001  uab09275132
=003  UAB
=005  20141003082152.0
=006  m|||||o||d||||||||
=007  cr||||||||||||
=008  141003t19811981xx\\\\\\obm\\\000\0\eng\d
=040  \\$aUAB$beng$erda$cUAB
=050  \4$aBD450$b.B46 1981
=090  \\$aInternet Access$bAEU
=100  1\$aBenitez, H.,$d1944-$eauthor.
=245  10$aMarx's theory of human nature :$ba defense /$cby Hermes Benitez.
=264  \1$c[1981]
=264  \4$c©1981
=300  \\$a1 online resource (viii, 56 pages)
=336  \\$atext$btxt$2rdacontent
=337  \\$acomputer$bc$2rdamedia
=338  \\$aonline resource$bcr$2rdacarrier
=500  \\$a"A thesis submitted to the Faculty of Graduate Studies and Research in partial fulfilment of the requirements for the degree of Master of Arts, Department of Philosophy."
=502  \\$bM.A.$cUniversity of Alberta$d1981.
=504  \\$aIncludes bibliographical references (pages 53-56).
=590  \\$aLibrary copy imperfect: faded throughout.
=650  \0$aPhilosophical anthropology.
=710  2\$aUniversity of Alberta.$bDepartment of Philosophy.
=900  \\$aMK53860
=949  \\$zUAIN$zETHESIS

