=LDR  01148ntm a22003011i 4500
=001  uab09273802
=003  UAB
=005  20140930092839.0
=006  m|||||o||d||||||||
=007  cr||||||||||||
=008  140930t19811981xx\ag\\\obm\\\000\0deng\d
=040  \\$aUAB$beng$erda$cUAB
=050  \4$aML410.M37$bL36 1981
=090  \\$aInternet Access$bAEU
=100  1\$aLandry, Michel,$eauthor.
=245  10$aMassenet's use of Leitmotive in Esclarmonde /$cby Michel Landry.
=264  \1$c[1981]
=264  \4$c©1981
=300  \\$a1 online resource (viii, 79 pages) :$billustration, music
=336  \\$atext$btxt$2rdacontent
=337  \\$acomputer$bc$2rdamedia
=338  \\$aonline resource$bcr$2rdacarrier
=500  \\$a"A thesis submitted to the Faculty of Graduate Studies and Research in partial fulfilment of the requirements for the degree of Master of Music in Musicology, Department of Music."
=502  \\$bM. Mus.$cUniversity of Alberta$d1981.
=504  \\$aIncludes bibliographical references (pages 51-57).
=600  10$aMassenet, Jules,$d1842-1912.$tEsclarmonde.
=710  2\$aUniversity of Alberta.$bDepartment of Music.
=900  \\$aMK53966
=949  \\$zUAIN$zETHESIS

