=LDR  01247ntm a22003131i 4500
=001  uab09273806
=003  UAB
=005  20140930093951.0
=006  m|||||o||d||||||||
=007  cr||||||||||||
=008  140930t19811981xx\ad\\\obm\\\000\0\eng\d
=040  \\$aUAB$beng$erda$cUAB
=050  \4$aQP551$b.L39 1981
=090  \\$aInternet Access$bAEU
=100  1\$aLawrence, Richard A.,$eauthor.
=245  10$aFreeze induced texturization of protein recovered by alkaline extraction from mechanically deboned poultry residues /$cby Richard A. Lawrence.
=264  \1$c[1981]
=264  \4$c©1981
=300  \\$a1 online resource (xv, 199 pages) :$billustrations
=336  \\$atext$btxt$2rdacontent
=337  \\$acomputer$bc$2rdamedia
=338  \\$aonline resource$bcr$2rdacarrier
=500  \\$a"A thesis submitted to the Faculty of Graduate Studies and Research in partial fulfilment of the requirements for the degree of Master of Science in Food Process Engineering, Food Science."
=502  \\$bM. Sc.$cUniversity of Alberta$d1981.
=504  \\$aIncludes bibliographical references (pages 184-198).
=650  \0$aProteins$xTexture.
=650  \0$aFrozen chicken.
=710  2\$aUniversity of Alberta.$bDepartment of Food Science.
=900  \\$aMK53968
=949  \\$zUAIN$zETHESIS

