=LDR  01241ntm a22003131i 4500
=001  uab09273811
=003  UAB
=005  20140930095448.0
=006  m|||||o||d||||||||
=007  cr||||||||||||
=008  140930t19811981xx\abd\\obm\\\000\0\eng\d
=040  \\$aUAB$beng$erda$cUAB
=050  \4$aHD9435.C24$bA454 1981
=090  \\$aInternet Access$bAEU
=100  1\$aLeavitt, Steven Samuel,$eauthor.
=245  10$aMarket performance of the Alberta Pork Producers' Marketing Board /$cby Steven Samuel Leavitt.
=264  \1$c[1981]
=264  \4$c©1981
=300  \\$a1 online resource (xviii, 197 pages) :$billustrations, map
=336  \\$atext$btxt$2rdacontent
=337  \\$acomputer$bc$2rdamedia
=338  \\$aonline resource$bcr$2rdacarrier
=500  \\$a"A thesis submitted to the Faculty of Graduate Studies and Research in partial fulfilment of the requirements for the degree of Master of Science in Agricultural Economics, Department of Rural Economy."
=502  \\$bM. Sc.$cUniversity of Alberta$d1981.
=504  \\$aIncludes bibliographical references (pages 189-197).
=610  20$aAlberta Pork.
=650  \0$aPork industry and trade$zAlberta.
=710  2\$aUniversity of Alberta.$bDepartment of Rural Economy.
=900  \\$aMK53969
=949  \\$zUAIN$zETHESIS

