=LDR  01241ntm a22003251i 4500
=001  uab09273837
=003  UAB
=005  20140930103604.0
=006  m|||||o||d||||||||
=007  cr||||||||||||
=008  140930t19811981xx\ad\\\obm\\\000\0\eng\d
=040  \\$aUAB$beng$erda$cUAB
=050  \4$aHQ755.8$b.L54 1981
=090  \\$aInternet Access$bAEU
=100  1\$aLigowski, E. Jane,$eauthor.
=245  10$aMarital quality and expressions of sex role over the transition to parenthood /$cby E. Jane Ligowski.
=264  \1$c[1981]
=264  \4$c©1981
=300  \\$a1 online resource (xiv, 146 pages) :$billustration
=336  \\$atext$btxt$2rdacontent
=337  \\$acomputer$bc$2rdamedia
=338  \\$aonline resource$bcr$2rdacarrier
=500  \\$a"A thesis submitted to the Faculty of Graduate Studies and Research in partial fulfilment of the requirements for the degree of Master of Science in Family Studies, Faculty of Home Economics."
=502  \\$bM. Sc.$cUniversity of Alberta$d1981.
=504  \\$aIncludes bibliographical references (pages 109-113).
=650  \0$aParenthood.
=650  \0$aMarital quality.
=650  \0$aBem Sex-Role Inventory.
=710  2\$aUniversity of Alberta.$bFaculty of Home Economics.
=900  \\$aMK53972
=949  \\$zUAIN$zETHESIS

