=LDR  01238ntm a22003251i 4500
=001  uab09273845
=003  UAB
=005  20140930105950.0
=006  m|||||o||d||||||||
=007  cr||||||||||||
=008  140930t19811981xx\\\\\\obm\\\000\0\eng\d
=040  \\$aUAB$beng$erda$cUAB
=050  \4$aBT891$b.L67 1981
=090  \\$aInternet Access$bAEU
=100  1\$aLorberg, Enneke Johanna,$eauthor.
=245  10$aMillenarian movements, social change and community development :$btheories and cases /$cby Enneke Johanna Lorberg.
=264  \1$c[1981]
=264  \4$c©1981
=300  \\$a1 online resource (xi, 324 pages)
=336  \\$atext$btxt$2rdacontent
=337  \\$acomputer$bc$2rdamedia
=338  \\$aonline resource$bcr$2rdacarrier
=500  \\$a"A thesis submitted to the Faculty of Graduate Studies and Research in partial fulfilment of the requirements for the degree of Master of Arts, Department of Community Development."
=502  \\$bM.A.$cUniversity of Alberta$d1981.
=504  \\$aIncludes bibliographical references (pages 311-324).
=650  \0$aMillennialism.
=650  \0$aSocial change.
=650  \0$aCommunity development.
=710  2\$aUniversity of Alberta.$bDepartment of Community Development.
=900  \\$aMK53975
=949  \\$zUAIN$zETHESIS

