=LDR  01242ntm a22003131i 4500
=001  uab09273907
=003  UAB
=005  20140930131602.0
=006  m|||||o||d||||||||
=007  cr||||||||||||
=008  140930t19811981xx\abd\\obm\\\000\0\eng\d
=040  \\$aUAB$beng$erda$cUAB
=050  \4$aQP82.2.C5$bN87 1981
=090  \\$aInternet Access$bAEU
=100  1\$aNursall, Alan Stewart,$eauthor.
=245  14$aThe effects of weather conditions on the frequency and severity of migraine headaches in southwestern Ontario /$cby Alan Stewart Nursall.
=264  \1$c[1981]
=264  \4$c©1981
=300  \\$a1 online resource (xii, 106 pages) :$billustrations, maps
=336  \\$atext$btxt$2rdacontent
=337  \\$acomputer$bc$2rdamedia
=338  \\$aonline resource$bcr$2rdacarrier
=500  \\$a"A thesis submitted to the Faculty of Graduate Studies and Research in partial fulfilment of the requirements for the degree of Master of Science, Geography."
=502  \\$bM. Sc.$cUniversity of Alberta$d1981.
=504  \\$aIncludes bibliographical references (pages 97-106).
=650  \0$aWeather$xPhysiological effect$zOntario.
=650  \0$aMigraine$zOntario.
=710  2\$aUniversity of Alberta.$bDepartment of Geography.
=900  \\$aMK54006
=949  \\$zUAIN$zETHESIS

