=LDR  01323ntm a22003491i 4500
=001  uab09273914
=003  UAB
=005  20140930132616.0
=006  m|||||o||d||||||||
=007  cr||||||||||||
=008  140930t19811981xx\\\\\\obm\\\000\0\fre\d
=040  \\$aUAB$beng$erda$cUAB
=041  1\$afre$beng
=050  \4$aPN56.N19$bO27 1981
=090  \\$aInternet Access$bAEU
=100  1\$aO'Brien, Audrey,$eauthor.
=245  13$aLe Roman de guerre français comme arme ideologique /$cby Audrey O'Brien.
=264  \1$c[1981]
=264  \4$c©1981
=300  \\$a1 online resource (vii, 111 pages)
=336  \\$atext$btxt$2rdacontent
=337  \\$acomputer$bc$2rdamedia
=338  \\$aonline resource$bcr$2rdacarrier
=500  \\$a"A thesis submitted to the Faculty of Graduate Studies and Research in partial fulfilment of the requirements for the degree of Master of Arts, Department of Romance Languages."
=502  \\$bM.A.$cUniversity of Alberta$d1981.
=504  \\$aIncludes bibliographical references (pages 106-109).
=546  \\$aIn French; abstract in English and French.
=650  \0$aNationalism in literature.
=650  \0$aPacifism in literature.
=650  \0$aFrench literature$y20th century$xHistory and criticism.
=710  2\$aUniversity of Alberta.$bDepartment of Romance Languages.
=900  \\$aMK54007
=949  \\$zUAIN$zETHESIS

