=LDR  01354ntm a22003251i 4500
=001  uab09273929
=003  UAB
=005  20140930134142.0
=006  m|||||o||d||||||||
=007  cr||||||||||||
=008  140930t19811981xx\abd\\obm\\\000\0\eng\d
=040  \\$aUAB$beng$erda$cUAB
=050  \4$aQL537.T28$bO33 1981
=090  \\$aInternet Access$bAEU
=100  1\$aO'Hara, James E.$q(James Edward),$d1952-$eauthor.
=245  10$aClassification, phylogeny and zoogeography of the North American species of Siphona Meigen (Diptera, Tachinidae) /$cby James E. O'Hara.
=264  \1$c[1981]
=264  \4$c©1981
=300  \\$a1 online resource (xix, 295 pages) :$billustrations, maps;
=336  \\$atext$btxt$2rdacontent
=337  \\$acomputer$bc$2rdamedia
=338  \\$aonline resource$bcr$2rdacarrier
=500  \\$a"A thesis submitted to the Faculty of Graduate Studies and Research in partial fulfilment of the requirements for the degree of Master of Science, Entomology."
=502  \\$bM. Sc.$cUniversity of Alberta$d1981.
=504  \\$aIncludes bibliographical references (pages 211-230).
=650  \0$aTachinidae$zNorth America$xClassification.
=650  \0$aTachinidae$zNorth America$xPhylogeny.
=650  \0$aTachinidae$zNorth America$xGeographical distribution.
=710  2\$aUniversity of Alberta.$bDepartment of Entomology.
=900  \\$aMK54010
=949  \\$zUAIN$zETHESIS

