=LDR  01184ntm a22003131i 4500
=001  uab09273942
=003  UAB
=005  20140930135734.0
=006  m|||||o||d||||||||
=007  cr||||||||||||
=008  140930t19811981xx\ad\\\obm\\\000\0\eng\d
=040  \\$aUAB$beng$erda$cUAB
=050  \4$aQR201.M43$bR37 1981
=090  \\$aInternet Access$bAEU
=100  1\$aRafter, David John Paul,$eauthor.
=245  10$aMeasles virus :$bimmunoprecipitation and monoclonal antibody production /$cby David John Paul Rafter.
=264  \1$c[1981]
=264  \4$c©1981
=300  \\$a1 online resource (xiii, 66 pages) :$billustrations
=336  \\$atext$btxt$2rdacontent
=337  \\$acomputer$bc$2rdamedia
=338  \\$aonline resource$bcr$2rdacarrier
=500  \\$a"A thesis submitted to the Faculty of Graduate Studies and Research in partial fulfilment of the requirements for the degree of Master of Science, Department of Medicine."
=502  \\$bM. Sc.$cUniversity of Alberta$d1981.
=504  \\$aIncludes bibliographical references (pages 59-66).
=650  \0$aMeasles virus.
=650  \0$aImmune serums.
=710  2\$aUniversity of Alberta.$bDepartment of Medicine.\
=900  \\$aMK54017
=949  \\$zUAIN$zETHESIS

