=LDR  01148ntm a22003011i 4500
=001  uab09273988
=003  UAB
=005  20140930144825.0
=006  m|||||o||d||||||||
=007  cr||||||||||||
=008  140930t19811981xx\ad\\\obm\\\000\0\eng\d
=040  \\$aUAB$beng$erda$cUAB
=050  \4$aB829.5$b.S36 1981
=090  \\$aInternet Access$bAEU
=100  1\$aSchopflocher, Donald Peter,$d1952-$eauthor.
=245  10$aNumerically aided phenomenology :$ba demonstration /$cby Donald Peter Schopflocher.
=264  \1$c[1981]
=264  \4$c©1981
=300  \\$a1 online resource (ix, 184 pages) :$billustrations
=336  \\$atext$btxt$2rdacontent
=337  \\$acomputer$bc$2rdamedia
=338  \\$aonline resource$bcr$2rdacarrier
=500  \\$a"A thesis submitted to the Faculty of Graduate Studies and Research in partial fulfilment of the requirements for the degree of Master of Science in Psychology, Psychology."
=502  \\$bM. Sc.$cUniversity of Alberta$d1981.
=504  \\$aIncludes bibliographical references (pages 103-111).
=650  \0$aPhenomenology.
=710  2\$aUniversity of Alberta.$bDepartment of Psychology.
=900  \\$aMK54029
=949  \\$zUAIN$zETHESIS

