=LDR  01227ntm a22003251i 4500
=001  uab09274041
=003  UAB
=005  20140930154454.0
=006  m|||||o||d||||||||
=007  cr||||||||||||
=008  140930t19811981xx\ad\\\obm\\\000\0\eng\d
=040  \\$aUAB$beng$erda$cUAB
=050  \4$aQP475$b.S74 1981
=090  \\$aInternet Access$bAEU
=100  1\$aStelmach, Lew B.,$eauthor.
=245  10$a"On" and "off" channels in the human visual system /$cby Lew B. Stelmach.
=264  \1$c[1981]
=264  \4$c©1981
=300  \\$a1 online resource (x, 92 pages) :$billustrations
=336  \\$atext$btxt$2rdacontent
=337  \\$acomputer$bc$2rdamedia
=338  \\$aonline resource$bcr$2rdacarrier
=500  \\$a"A thesis submitted to the Faculty of Graduate Studies and Research in partial fulfilment of the requirements for the degree of Master of Science in Psychology, Department of Psychology."
=502  \\$bM. Sc.$cUniversity of Alberta$d1981.
=504  \\$aIncludes bibliographical references (pages 87-92).
=590  \\$aLibrary copy imperfect: p. [iii] and 50 scanned twice.
=650  \0$aVisual pathways.
=650  \0$aVision.
=710  2\$aUniversity of Alberta.$bDepartment of Psychology.
=900  \\$aMK54042
=949  \\$zUAIN$zETHESIS

