=LDR  01272ntm a22003371i 4500
=001  uab09274066
=003  UAB
=005  20140930161315.0
=006  m|||||o||d||||||||
=007  cr||||||||||||
=008  140930t19811981xx\ad\\\obm\\\000\0\eng\d
=040  \\$aUAB$beng$erda$cUAB
=050  \4$aSB615.C4$bS86 1981
=090  \\$aInternet Access$bAEU
=100  1\$aSummers, Peter S.,$eauthor.
=245  10$aTranslocation studies of glyphosate and picloram in Canada thistle (Cirsium arvense (L) Scop.) /$cby Peter S. Summers.
=264  \1$c[1981]
=264  \4$c©1981
=300  \\$a1 online resource (xvi, 109 pages) :$billustrations
=336  \\$atext$btxt$2rdacontent
=337  \\$acomputer$bc$2rdamedia
=338  \\$aonline resource$bcr$2rdacarrier
=500  \\$a"A thesis submitted to the Faculty of Graduate Studies and Research in partial fulfilment of the requirements for the degree of Master of Science in Weed Science, Plant Science."
=502  \\$bM. Sc.$cUniversity of Alberta$d1981.
=504  \\$aIncludes bibliographical references (pages 88-102).
=650  \0$aCanada thistle.
=650  \0$aTranslocation (Genetics)
=650  \0$aGlyphosate.
=650  \0$aPicloram.
=710  2\$aUniversity of Alberta.$bDepartment of Plant Science.
=900  \\$aMK54045
=949  \\$zUAIN$zETHESIS

