=LDR  01361ntm a22003251i 4500
=001  uab09274091
=003  UAB
=005  20140930163957.0
=006  m|||||o||d||||||||
=007  cr||||||||||||
=008  140930t19811981xx\\\\\\obm\\\000\0\eng\d
=040  \\$aUAB$beng$erda$cUAB
=050  \4$aHD9560.5$b.S86 1981
=090  \\$aInternet Access$bAEU
=100  1\$aSummerville, Paul Anthony,$eauthor.
=245  14$aThe political economy of state oil companies :$bthe cases of Brazil, Norway, and Canada /$cby Paul Anthony Summerville.
=264  \1$c[1981]
=264  \4$c©1981
=300  \\$a1 online resource (xi, 165 pages)
=336  \\$atext$btxt$2rdacontent
=337  \\$acomputer$bc$2rdamedia
=338  \\$aonline resource$bcr$2rdacarrier
=500  \\$a"A thesis submitted to the Faculty of Graduate Studies and Research in partial fulfilment of the requirements for the degree of Master of Political Science."
=502  \\$bMaster of Political Science$cUniversity of Alberta$d1981.
=504  \\$aIncludes bibliographical references (pages 154-165).
=650  \0$aPetroleum industry and trade$xPolitical aspects$zBrazil.
=650  \0$aPetroleum industry and trade$xPolitical aspects$zNorway.
=650  \0$aPetroleum industry and trade$xPolitical aspects$zCanada.
=710  2\$aUniversity of Alberta.$bDepartment of Political Science.
=900  \\$aMK54046
=949  \\$zUAIN$zETHESIS

