=LDR  01211ntm a22003131i 4500
=001  uab09274167
=003  UAB
=005  20140930184413.0
=006  m|||||o||d||||||||
=007  cr||||||||||||
=008  140930t19681968xx\ad\\\obm\\\000\0\eng\d
=040  \\$aUAB$beng$erda$cUAB
=050  \4$aQC702.7.N4$bG74 1968
=090  \\$aInternet Access$bAEU
=100  1\$aGreen, Robert D.,$eauthor.
=245  10$aNuclear magnetic resonance and infrared spectroscopic studies of anion-molecule association in solution /$cby Robert D. Green.
=264  \1$c[1968]
=264  \4$c©1968
=300  \\$a1 online resource (142 pages) :$billustrations
=336  \\$atext$btxt$2rdacontent
=337  \\$acomputer$bc$2rdamedia
=338  \\$aonline resource$bcr$2rdacarrier
=500  \\$a"A thesis submitted to the Faculty of Graduate Studies and Research in partial fulfilment of the requirements for the degree of Doctor of Philosophy, Department of Chemistry."
=502  \\$bPh. D.$cUniversity of Alberta$d1968.
=504  \\$aIncludes bibliographical references (pages 134-138).
=650  \0$aAnions.
=650  \0$aNuclear magnetic resonance.
=710  2\$aUniversity of Alberta.$bDepartment of Chemistry.
=900  \\$aNK03382
=949  \\$zUAIN$zETHESIS

