=LDR  01244ntm a22003371i 4500
=001  uab09274174
=003  UAB
=005  20140930192529.0
=006  m|||||o||d||||||||
=007  cr||||||||||||
=008  140930t19681968xx\abdf\obm\\\000\0\eng\d
=040  \\$aUAB$beng$erda$cUAB
=043  \\$an-cn-ab
=050  \4$aQE696$b.R64 1968
=090  \\$aInternet Access$bAEU
=100  1\$aRoed, M. A.,$d1937-$eauthor.
=245  10$aSurficial geology of the Edson-Hinton area, Alberta /$cby Murray Anderson Roed, B.A., M.A.
=264  \1$c[1968]
=264  \4$c©1968
=300  \\$a1 online resource (xv, 198 pages, 35 pages of plates) :$billustrations, maps
=336  \\$atext$btxt$2rdacontent
=337  \\$acomputer$bc$2rdamedia
=338  \\$aonline resource$bcr$2rdacarrier
=500  \\$a"A thesis submitted to the Faculty of Graduate Studies and Research in partial fulfillment of the requirements for the degree of Doctor of Philosophy."
=502  \\$bPh. D.$cUniversity of Alberta$d1968.
=504  \\$aIncludes bibliographical references (pages 115-123).
=500  \\$a4 maps in pocket.
=650  \0$aGeology, Stratigraphic$yQuaternary.
=650  \0$aGeology$zAlberta.
=900  \\$aNK03403
=949  \\$zUAIN$zETHESIS
=987  \\$amissing$b710$dNo department specified

