=LDR  01160ntm a22003011i 4500
=001  uab09274185
=003  UAB
=005  20140930195613.0
=006  m|||||o||d||||||||
=007  cr||||||||||||
=008  140930t19681968xx\\\\\\obm\\\000\0\eng\d
=040  \\$aUAB$beng$erda$cUAB
=050  \4$aPR931$b.S53 1968
=090  \\$aInternet Access$bAEU
=100  1\$aSharman, Vincent Douglas,$eauthor.
=245  14$aThe satiric tradition in the works of seven English-Canadian satirists /$cby Vincent Douglas Sharman.
=264  \1$c[1968]
=264  \4$c©1968
=300  \\$a1 online resource (v, 202 pages)
=336  \\$atext$btxt$2rdacontent
=337  \\$acomputer$bc$2rdamedia
=338  \\$aonline resource$bcr$2rdacarrier
=500  \\$a"A thesis submitted to the Faculty of Graduate Studies and Research in partial fulfilment of the requirements for the degree of Doctor of Philosophy, Department of English."
=502  \\$bPh. D.$cUniversity of Alberta$d1968.
=504  \\$aIncludes bibliographical references (pages 189-202).
=650  \0$aSatire, English$xHistory and criticism.
=710  2\$aUniversity of Alberta.$bDepartment of English.
=900  \\$aNK03409
=949  \\$zUAIN$zETHESIS

