=LDR  01199ntm a22003251i 4500
=001  uab09274196
=003  UAB
=005  20140930202107.0
=006  m|||||o||d||||||||
=007  cr||||||||||||
=008  140930t19681968xx\ad\\\obm\\\000\0\eng\d
=040  \\$aUAB$beng$erda$cUAB
=050  \4$aQL696.C46$bG83 1968
=090  \\$aInternet Access$bAEU
=100  1\$aGuay, Julian Wilfred,$eauthor.
=245  14$aThe breeding biology of Franklin's gull (Larus pipixcan) /$cby Julian Wilfred Guay.
=264  \1$c[1968]
=264  \4$c©1968
=300  \\$a1 online resource (129 pages) :$billustrations
=336  \\$atext$btxt$2rdacontent
=337  \\$acomputer$bc$2rdamedia
=338  \\$aonline resource$bcr$2rdacarrier
=500  \\$a"A thesis submitted to the Faculty of Graduate Studies and Research in partial fulfilment of the requirements for the degree of Doctor of Philosophy, Department of Zoology."
=502  \\$bPh. D.$cUniversity of Alberta$d1968.
=504  \\$aIncludes bibliographical references (pages 122-128).
=650  \0$aFranklin's gull.
=650  \0$aBirds$xBreeding.
=650  \0$aBird populations.
=710  2\$aUniversity of Alberta.$bDepartment of Zoology.
=900  \\$aNK03383
=949  \\$zUAIN$zETHESIS

