=LDR  01300ntm a22003251i 4500
=001  uab09274198
=003  UAB
=005  20140930202714.0
=006  m|||||o||d||||||||
=007  cr||||||||||||
=008  140930t19681968xx\a\\\\obm\\\000\0deng\d
=040  \\$aUAB$beng$erda$cUAB
=050  \4$aPR4593$b.J64 1968
=090  \\$aInternet Access$bAEU
=100  1\$aJohnstone, C. Kenneth,$eauthor.
=245  14$aThe Dickens Newspaper :$ba study of Bleak house and Hard times /$cby C. Kenneth Johnstone.
=264  \1$c[1968]
=264  \4$c©1968
=300  \\$a1 online resource (223 pages) :$billustrations
=336  \\$atext$btxt$2rdacontent
=337  \\$acomputer$bc$2rdamedia
=338  \\$aonline resource$bcr$2rdacarrier
=500  \\$a"A thesis submitted to the Faculty of Graduate Studies and Research in partial fulfilment of the requirements for the degree of Doctor of Philosophy, Department of English."
=502  \\$bPh. D.$cUniversity of Alberta$d1968.
=504  \\$aIncludes bibliographical references (pages 197-223).
=600  10$aDickens, Charles,$d1812-1870$xCriticism and interpretation.
=600  10$aDickens, Charles,$d1812-1870.$tBleak house.
=600  10$aDickens, Charles,$d1812-1870.$tHard times.
=710  2\$aUniversity of Alberta.$bDepartment of English.
=900  \\$aNK03390
=949  \\$zUAIN$zETHESIS

