=LDR  01183ntm a22003251i 4500
=001  uab09274450
=003  UAB
=005  20141001145721.0
=006  m|||||o||d||||||||
=007  cr||||||||||||
=008  141001t19681968xx\ad\\\obm\\\000\0\eng\d
=040  \\$aUAB$beng$erda$cUAB
=050  \4$aQP101$b.E45 1968
=090  \\$aInternet Access$bAEU
=100  1\$aElliot, Eric Charles,$eauthor.
=245  10$aVascular responses to reduced circulation in dogs /$cby Eric Charles Elliot.
=264  \1$c[1968]
=264  \4$c©1968
=300  \\$a1 online resource (xxi, 194 pages) :$billustrations
=336  \\$atext$btxt$2rdacontent
=337  \\$acomputer$bc$2rdamedia
=338  \\$aonline resource$bcr$2rdacarrier
=500  \\$a"A thesis submitted to the Faculty of Graduate Studies and Research in partial fulfilment of the requirements for the degree of Doctor of Philosophy, Department of Physiology."
=502  \\$bPh. D.$cUniversity of Alberta$d1968.
=504  \\$aIncludes bibliographical references (pages [133]-150).
=650  \0$aBlood$xCirculation.
=650  \0$aHeart.
=650  \0$aDogs.
=710  2\$aUniversity of Alberta.$bDepartment of Physiology.
=900  \\$aNK03375
=949  \\$zUAIN$zETHESIS

