=LDR  01185ntm a22003251i 4500
=001  uab09274467
=003  UAB
=005  20141001152053.0
=006  m|||||o||d||||||||
=007  cr||||||||||||
=008  141001t19691969xx\ad\\\obm\\\000\0\eng\d
=040  \\$aUAB$beng$erda$cUAB
=050  \4$aQC176.8.T8$bK43 1969
=090  \\$aInternet Access$bAEU
=100  1\$aKhanna, Shyam,$eauthor.
=245  10$aElectron tunneling into superconducting lanthanum /$cby Shyam Mohan Khanna.
=264  \1$c[1969]
=264  \4$c©1969
=300  \\$a1 online resource (xi, 124 pages) :$billustrations
=336  \\$atext$btxt$2rdacontent
=337  \\$acomputer$bc$2rdamedia
=338  \\$aonline resource$bcr$2rdacarrier
=500  \\$a"A thesis submitted to the Faculty of Graduate Studies and Research in partial fulfilment of the requirements for the degree of Doctor of Philosophy, Department of Physics."
=502  \\$bPh. D.$cUniversity of Alberta$d1968.
=504  \\$aIncludes bibliographical references (pages 121-124).
=650  \0$aTunneling (Physics)
=650  \0$aLanthanum.
=650  \0$aSuperconductors.
=710  2\$aUniversity of Alberta.$bDepartment of Physics.
=900  \\$aNK03391
=949  \\$zUAIN$zETHESIS

