=LDR  01174ntm a22003131i 4500
=001  uab09274488
=003  UAB
=005  20141001155336.0
=006  m|||||o||d||||||||
=007  cr||||||||||||
=008  141001t19681968xx\ad\\\obm\\\000\0\eng\d
=040  \\$aUAB$beng$erda$cUAB
=050  \4$aQD251$b.S38 1968
=090  \\$aInternet Access$bAEU
=100  1\$aSchutte, Robert,$eauthor.
=245  10$aRadiation induced dimerization of 1, 3-cyclohexadiene in solution /$cby Robert Schutte.
=264  \1$c[1968]
=264  \4$c©1968
=300  \\$a1 online resource (xvi, 175 pages) :$billustrations
=336  \\$atext$btxt$2rdacontent
=337  \\$acomputer$bc$2rdamedia
=338  \\$aonline resource$bcr$2rdacarrier
=500  \\$a"A thesis submitted to the Faculty of Graduate Studies and Research in partial fulfilment of the requirements for the degree of Doctor of Philosophy, Department of Chemistry."
=502  \\$bPh. D.$cUniversity of Alberta$d1968.
=504  \\$aIncludes bibliographical references (pages 159-167).
=650  \0$aCarbon compounds.
=650  \0$aChemical reactions.
=710  2\$aUniversity of Alberta.$bDepartment of Chemistry.
=900  \\$aNK03405
=949  \\$zUAIN$zETHESIS

