=LDR  01251ntm a22003251i 4500
=001  uab09274507
=003  UAB
=005  20141001161157.0
=006  m|||||o||d||||||||
=007  cr||||||||||||
=008  141001t19681968xx\ad\\\obm\\\000\0\eng\d
=040  \\$aUAB$beng$erda$cUAB
=043  \\$an-cn---
=050  \4$aQP84.6$b.S74 1968
=090  \\$aInternet Access$bAEU
=100  1\$aStebbins, Lucius Lebaron,$eauthor.
=245  10$aSeasonal and latitudinal variations in the circadian rhythms of three species of small rodents in northern Canada /$cby Lucius Lebaron Stebbins.
=264  \1$c[1968]
=264  \4$c©1968
=300  \\$a1 online resource (68 pages) :$billustrations
=336  \\$atext$btxt$2rdacontent
=337  \\$acomputer$bc$2rdamedia
=338  \\$aonline resource$bcr$2rdacarrier
=500  \\$a"A thesis submitted to the Faculty of Graduate Studies and Research in partial fulfilment of the requirements for the degree of Doctor of Philosophy, Department of Zoology."
=502  \\$bPh. D.$cUniversity of Alberta$d1968.
=504  \\$aIncludes bibliographical references (pages 61-68).
=650  \0$aCircadian rhythms.
=650  \0$aRodents$zCanada.
=710  2\$aUniversity of Alberta.$bDepartment of Zoology.
=900  \\$aNK03414
=949  \\$zUAIN$zETHESIS

