=LDR  01197ntm a22003131i 4500
=001  uab09276865
=003  UAB
=005  20141009115603.0
=006  m|||||o||d||||||||
=007  cr||||||||||||
=008  141009t19731973xx\ad\\\obm\\\000\0\eng\d
=040  \\$aUAB$beng$erda$cUAB
=050  \4$aQP535.N2$bG37 1973
=090  \\$aInternet Access$bAEU
=100  1\$aGarfield, Robert E.,$eauthor.
=245  10$aUltrastructural aspects of sodium transport in rat myometrium /$cby Robert E. Garfield.
=264  \1$c[1973]
=264  \4$c©1973
=300  \\$a1 online resource (xvii, 203 pages) :$billustrations
=336  \\$atext$btxt$2rdacontent
=337  \\$acomputer$bc$2rdamedia
=338  \\$aonline resource$bcr$2rdacarrier
=500  \\$a"A thesis submitted to the Faculty of Graduate Studies and Research in partial fulfilment of the requirements for the degree of Doctor of Philosophy, Department of Pharmacology."
=502  \\$bPh. D.$cUniversity of Alberta$d1973.
=504  \\$aIncludes bibliographical references (pages 183-201).
=650  \0$aSodium$xMetabolism.
=650  \0$aRats as laboratory animals.
=710  2\$aUniversity of Alberta.$bDepartment of Pharmacology.
=900  \\$aNK17517
=949  \\$zUAIN$zETHESIS

