=LDR  01205ntm a22003131i 4500
=001  uab09276885
=003  UAB
=005  20141009120800.0
=006  m|||||o||d||||||||
=007  cr||||||||||||
=008  141009t19731973xx\ad\\\obm\\\000\0\eng\d
=040  \\$aUAB$beng$erda$cUAB
=050  \4$aQC794.6.S3$bG38 1973
=090  \\$aInternet Access$bAEU
=100  1\$aGauthier, Luce,$eauthor.
=245  10$aTest of resonance recognition criteria in potential scattering /$cby Luce Gauthier.
=264  \1$c[1973]
=264  \4$c©1973
=300  \\$a1 online resource (xiii, 124 pages) :$billustrations
=336  \\$atext$btxt$2rdacontent
=337  \\$acomputer$bc$2rdamedia
=338  \\$aonline resource$bcr$2rdacarrier
=500  \\$a"A thesis submitted to the Faculty of Graduate Studies and Research in partial fulfilment of the requirements for the degree of Doctor of Philosophy in Theoretical Physics, Department of Physics."
=502  \\$bPh. D.$cUniversity of Alberta$d1973.
=504  \\$aIncludes bibliographical references (pages 115-116).
=650  \0$aPotential scattering.
=650  \0$aNuclear magnetic resonance.
=710  2\$aUniversity of Alberta.$bDepartment of Physics.
=900  \\$aNK17520
=949  \\$zUAIN$zETHESIS

